<record><leader>00000cas a22000007a 4500</leader><controlfield tag="001">13071331</controlfield><controlfield tag="008">860128d18881889inudn ne      0    0eng d</controlfield><datafield ind1=" " ind2=" " tag="010"><subfield code="a">sn 86058029 </subfield></datafield><datafield ind1=" " ind2=" " tag="040"><subfield code="a">NPI</subfield><subfield code="b">eng</subfield><subfield code="c">NPI</subfield><subfield code="d">OCLCQ</subfield></datafield><datafield ind1=" " ind2=" " tag="042"><subfield code="a">msc</subfield></datafield><datafield ind1="0" ind2=" " tag="130"><subfield code="a">Madison daily herald (Madison, Ind. : 1889)</subfield></datafield><datafield ind1="1" ind2="4" tag="245"><subfield code="a">The Madison daily herald.</subfield></datafield><datafield ind1=" " ind2=" " tag="260"><subfield code="a">Madison, Ind. :</subfield><subfield code="b">L.C. Jones,</subfield><subfield code="c">1888-1889.</subfield></datafield><datafield ind1=" " ind2=" " tag="300"><subfield code="a">v. :</subfield><subfield code="b">ill. ;</subfield><subfield code="c">55 cm.</subfield></datafield><datafield ind1=" " ind2=" " tag="310"><subfield code="a">Daily (except Sundays)</subfield></datafield><datafield ind1="0" ind2=" " tag="362"><subfield code="a">Vol. 5, no. 72 (Mar. 26, 1888)-v. 6, no. 170 (Sept. 4, 1889).</subfield></datafield><datafield ind1=" " ind2=" " tag="580"><subfield code="a">Also published in a weekly ed.: Madison weekly herald.</subfield></datafield><datafield ind1=" " ind2=" " tag="752"><subfield code="a">United States</subfield><subfield code="b">Indiana</subfield><subfield code="c">Jefferson</subfield><subfield code="d">Madison.</subfield></datafield><datafield ind1="1" ind2=" " tag="775"><subfield code="t">Madison weekly herald (Madison, Ind. : 1875)</subfield><subfield code="w">(DLC)sn 85048050</subfield></datafield><datafield ind1="0" ind2="0" tag="780"><subfield code="t">Madison herald (Madison, Ind : Daily)</subfield><subfield code="w">(DLC)sn 85048055</subfield></datafield><datafield ind1="0" ind2="0" tag="785"><subfield code="t">Daily herald (Madison, Ind.)</subfield><subfield code="w">(DLC)sn 85048056</subfield></datafield></record>